@article{Kambara2009,
author = {Kambara, Hiroyuki and Kim, Kyoungsik and Shin, Duk and Sato, Makoto and Koike, Yasuharu},
doi = {10.1016/j.neunet.2008.11.004},
issn = {1879-2782},
journal = {Neural networks},
number = {4},
pages = {348--61},
pmid = {19121565},
publisher = {Elsevier Ltd},
title = {{Learning and generation of goal-directed arm reaching from scratch.}},
volume = {22},
year = {2009}
}
@inproceedings{mitrovic08_SAB,
title        = {Adaptive Optimal Control for Redundantly Actuated Arms},
author       = {Mitrovic, D. and Klanke, S. and Vijayakumar, S.},
booktitle    = {Proceedings of the Tenth International Conference on Simulation of Adaptive Behavior},
year         = {2008},
}

@article{katayama93,
    title={{Virtual trajectory and stiffness ellipse during multijoint arm movement predicted by neural inverse models}},
    author={Katayama, M. and Kawato, M.},
    journal={Biological Cybernetics},
    volume={69},
    number={5},
    pages={353--362},
    year={1993},
    publisher={Springer}
}

@InProceedings{rigoux_acmc,
  Author         = {Rigoux, L. and Sigaud, O. and Terekhov, A. and Guigon, E.},
  Title          = {Movement duration as an emergent property of reward directed motor control},
  BookTitle      = {Proceedings of the Annual Symposium Advances in Computational Motor Control},
  year           = 2010
}

%------------------------------------------------------------------------------

% Mod√®le de muscles

@phdthesis{li2006,
  title={{Optimal control for biological movement systems}},
  author={Li, Weiwei},
  year={2006},
  school={University of California, San Diego}
}

@article{bishop2001introduction,
    title={{An introduction to the kalman filter}},
    author={Bishop, G. and Welch, G.},
    journal={Proc of SIGGRAPH, Course},
    volume={8},
    pages={27599--3175},
    year={2001},
    publisher={Citeseer}
}

@book{siciliano2009robotics,
  title={Robotics: modelling, planning and control},
  author={Siciliano, B. and Sciavicco, L. and Villani, L.},
  year={2009},
  publisher={Springer Verlag}
}

